<record><leader>00000cas a22000007a 4500</leader><controlfield tag="001">18386702</controlfield><controlfield tag="008">880822d19721973ohuwr ne      0    0eng d</controlfield><datafield ind1=" " ind2=" " tag="010"><subfield code="a">sn 88077739 </subfield></datafield><datafield ind1=" " ind2=" " tag="040"><subfield code="a">ONP</subfield><subfield code="b">eng</subfield><subfield code="c">ONP</subfield><subfield code="d">OCLCQ</subfield></datafield><datafield ind1=" " ind2=" " tag="042"><subfield code="a">msc</subfield></datafield><datafield ind1="0" ind2=" " tag="130"><subfield code="a">Hilltop spectator (Columbus, Ohio : 1972)</subfield></datafield><datafield ind1="1" ind2="0" tag="245"><subfield code="a">Hilltop spectator.</subfield></datafield><datafield ind1=" " ind2=" " tag="260"><subfield code="a">Columbus, Ohio :</subfield><subfield code="b">Gibralter Pub. Co.,</subfield><subfield code="c">1972-1973.</subfield></datafield><datafield ind1=" " ind2=" " tag="310"><subfield code="a">Weekly</subfield></datafield><datafield ind1="0" ind2=" " tag="362"><subfield code="a">Vol. 55, no. 58 (May 10, 1972)-v. 56, no. 28 (July 25, 1973).</subfield></datafield><datafield ind1=" " ind2=" " tag="752"><subfield code="a">United States</subfield><subfield code="b">Ohio</subfield><subfield code="c">Franklin</subfield><subfield code="d">Columbus.</subfield></datafield><datafield ind1="0" ind2="0" tag="780"><subfield code="t">Hilltop-west spectator</subfield><subfield code="w">(DLC)sn 88077738</subfield></datafield><datafield ind1="0" ind2="7" tag="785"><subfield code="t">West village spectator</subfield><subfield code="w">(DLC)sn 88077742</subfield></datafield><datafield ind1="0" ind2="7" tag="785"><subfield code="t">Spectator west</subfield><subfield code="w">(DLC)sn 88077740</subfield></datafield></record>